@article{arnold2015effects,
  title={Effects of psychological attention on pronoun comprehension},
  author={Arnold, Jennifer E and Lao, Shin-Yi C},
  journal={Language, cognition and neuroscience},
  volume={30},
  number={7},
  pages={832--852},
  year={2015},
  publisher={Taylor \& Francis}
}

@inproceedings{brennan1987centering,
  title={A centering approach to pronouns},
  author={Brennan, Susan E and Friedman, Marilyn W and Pollard, Carl},
  booktitle={25th annual meeting of the association for computational linguistics},
  pages={155--162},
  year={1987}
}

@article{chien1990children,
  title={Children's knowledge of locality conditions in binding as evidence for the modularity of syntax and pragmatics},
  author={Chien, Yu-Chin and Wexler, Kenneth},
  journal={Language acquisition},
  volume={1},
  number={3},
  pages={225--295},
  year={1990},
  publisher={Taylor \& Francis}
}

@article{cinkara2015parallel,
  title={Parallel functioning hypothesis to explain pronoun resolution and processing load: Evidence from eye-tracking},
  author={Cinkara, Emrah and Cabaro{\u{g}}lu, Ne{\c{s}}e},
  journal={Journal of Quantitative Linguistics},
  volume={22},
  number={2},
  pages={119--134},
  year={2015},
  publisher={Taylor \& Francis}
}

@article{grober1978parallel,
  title={Parallel function strategy in pronoun assignment},
  author={Grober, Ellen H and Beardsley, William and Caramazza, Alfonso},
  journal={Cognition},
  volume={6},
  number={2},
  pages={117--133},
  year={1978},
  publisher={Elsevier}
}

@inproceedings{harris2021angeles,
  title={Los Angeles Reading Corpus of Individual Differences: Pilot distribution and analysis},
  author={Harris, Jesse and Rich, Stephanie},
  booktitle={Proceedings of the Annual Meeting of the Cognitive Science Society},
  volume={43},
  number={43},
  year={2021}
}

@article{rondal1984coreference,
  title={Coreference and parallel function strategy for the ambiguous anaphoric pronouns},
  author={Rondal, JA and LEYEN, N and BREDART, S and PEREE, F},
  journal={CAHIERS DE PSYCHOLOGIE COGNITIVE-CURRENT PSYCHOLOGY OF COGNITION},
  volume={4},
  number={2},
  pages={151--170},
  year={1984},
  publisher={ADRSC-ASSOC DIFFUSION RECHERCHES SCIENCES COGNITIVES IBHOP, TRAVERSE CHARLES~…}
}

@book{trask2013dictionary,
  title={A dictionary of grammatical terms in linguistics},
  author={Trask, Robert Lawrence},
  year={2013},
  publisher={Routledge}
}

@book{wales1996personal,
  title={Personal pronouns in present-day English},
  author={Wales, Katie},
  year={1996},
  publisher={Cambridge University Press}
}

@article{xu2016should,
  title={“Who” should be focused? The influence of focus status on pronoun resolution},
  author={Xu, Xiaodong and Zhou, Xiaolin},
  journal={Psychophysiology},
  volume={53},
  number={11},
  pages={1679--1689},
  year={2016},
  publisher={Wiley Online Library}
}

@article{ye2023discourse,
  title={Discourse-level adaptation in pronoun comprehension},
  author={Ye, Yining and Arnold, Jennifer E},
  journal={Language and Linguistics Compass},
  volume={17},
  number={2},
  pages={e12481},
  year={2023},
  publisher={Wiley Online Library}
}

@article{sheldon1974role,
  title={The role of parallel function in the acquisition of relative clauses in English},
  author={Sheldon, Amy},
  journal={Journal of verbal learning and verbal behavior},
  volume={13},
  number={3},
  pages={272--281},
  year={1974},
  publisher={Elsevier}
}

@article{oshima1988children,
  title={Children learn from speech not addressed to them: The case of personal pronouns},
  author={Oshima-Takane, Yuriko},
  journal={Journal of Child language},
  volume={15},
  number={1},
  pages={95--108},
  year={1988},
  publisher={Cambridge University Press}
}

@article{sorlin2015pragmatics,
  title={The Pragmatics of Personal Pronouns},
  author={Sorlin, Sandrine and Gardelle, Laure},
  year={2015},
  publisher={John Benjamins Publishing Company}
}

@article{arnold2000rapid,
  title={The rapid use of gender information: Evidence of the time course of pronoun resolution from eyetracking},
  author={Arnold, Jennifer E and Eisenband, Janet G and Brown-Schmidt, Sarah and Trueswell, John C},
  journal={Cognition},
  volume={76},
  number={1},
  pages={B13--B26},
  year={2000},
  publisher={Elsevier}
}

@article{arnold2018linguistic,
  title={Linguistic experience affects pronoun interpretation},
  author={Arnold, Jennifer E and Strangmann, Iris M and Hwang, Heeju and Zerkle, Sandra and Nappa, Rebecca},
  journal={Journal of Memory and Language},
  volume={102},
  pages={41--54},
  year={2018},
  publisher={Elsevier}
}

@book{garnham2013mental,
  title={Mental models and the interpretation of anaphora},
  author={Garnham, Alan},
  year={2013},
  publisher={Psychology Press}
}

@article{macdonald2013language,
  title={How language production shapes language form and comprehension},
  author={MacDonald, Maryellen C},
  journal={Frontiers in psychology},
  volume={4},
  pages={40296},
  year={2013},
  publisher={Frontiers}
}

@article{montag2015text,
  title={Text exposure predicts spoken production of complex sentences in 8-and 12-year-old children and adults.},
  author={Montag, Jessica L and MacDonald, Maryellen C},
  journal={Journal of Experimental Psychology: General},
  volume={144},
  number={2},
  pages={447},
  year={2015},
  publisher={American Psychological Association}
}

@article{tanenhaus1995sentence,
  title={Sentence comprehension.},
  author={Tanenhaus, Michael K and Trueswell, John C},
  year={1995},
  publisher={Academic Press}
}
